@article{ulbricht_measuring_2018,
  title   = {Measuring {Strong} {Inconsistency}},
  volume  = {32},
  issn    = {2374-3468, 2159-5399},
  url     = {https://ojs.aaai.org/index.php/AAAI/article/view/11546},
  doi     = {10.1609/aaai.v32i1.11546},
  number  = {1},
  urldate = {2024-04-15},
  journal = {Proceedings of the AAAI Conference on Artificial Intelligence},
  author  = {Ulbricht, Markus and Thimm, Matthias and Brewka, Gerhard},
  month   = apr,
  year    = {2018}
}
